% Encoding: UTF-8

@inproceedings{foley1997technology,
  title={Technology transfer from university to industry},
  author={Foley, Jim},
  booktitle={Proceedings of the 2nd international conference on Intelligent user interfaces},
  pages={3--4},
  year={1997}
}

@article{barnett2011partnering,
  title={Partnering industry and education for curricular enhancement: A response for greater educational achievement},
  author={Barnett, Deborah R},
  journal={Online Journal for Workforce Education and Development},
  volume={5},
  number={2},
  pages={5},
  year={2011}
}

@article{uccakturk2013effects,
  title={The effects of management information and ERP systems on strategic knowledge management and decision-making},
  author={U{\c{c}}akt{\"u}rk, Ahmet and Villard, Michel},
  journal={Procedia-Social and Behavioral Sciences},
  volume={99},
  pages={1035--1043},
  year={2013},
  publisher={Elsevier}
}

@inproceedings{baig2018bridging,
  title={Bridging the industry-academia collaboration gap a focus towards final year projects},
  author={Baig, Mirza Zaeem and Haq, Muhammad Usman Ul and Surkhail, Hafiz Muhammad Umer and Iqbal, Rabika and Sheikh, Muhammad Mohsin},
  booktitle={Proceedings of the 2nd International Conference on High Performance Compilation, Computing and Communications},
  pages={40--44},
  year={2018}
}

@inproceedings{iyer2019bridging,
  title={Bridging the gap between industry and academia: the case of Indonesia},
  author={Iyer-Raniga, Usha and Dalton, Tony},
  booktitle={International conference on Sustainable Development Research in the Asia-Pacific},
  pages={1--17},
  year={2019},
  organization={Springer}
}

@article{amini2020erp,
  title={ERP systems architecture for the modern age: A review of the state of the art technologies},
  author={Amini, Mohammad and Abukari, Arnold Mashud},
  journal={Journal of Applied Intelligent Systems and Information Sciences},
  volume={1},
  number={2},
  pages={70--90},
  year={2020},
  publisher={FANAP Research Center}
}

@article{peng2014cloud,
  title={Cloud ERP: a new dilemma to modern organisations?},
  author={Guo Chao Alex, Peng and Chirag, GalaJournal of Computer Information Systems},
  journal={Journal of Computer Information Systems},
  volume={54},
  number={4},
  pages={22-30},
  year={2014},
  publisher={IACIS}
}

@article{njanka2021business,
  title={IT-Business alignment: A systematic literature review},
  author={Njanka, Samgwa Quintine and Sandula, Godavari and Colomo-Palacios, Ricardo},
  journal={Procedia Computer Science},
  volume={181},
  pages={333--340},
  year={2021},
  publisher={Elsevier}
}

@article{kenge2020research,
  title={A research study on the ERP system implementation and current trends in ERP},
  author={Kenge, Rohit and Khan, Zafar},
  journal={Shanlax International Journal of Management},
  volume={8},
  number={2},
  pages={34--39},
  year={2020},
  publisher={Shanlax International Journals}
}

@article{bagchi2022characteristics,
  title={Characteristics and outputs of university spin-offs in the United Kingdom},
  author={Bagchi-Sen, Sharmistha and Baines, Ning and Smith, Helen Lawton},
  journal={International Regional Science Review},
  volume={45},
  number={6},
  pages={606--635},
  year={2022},
  publisher={SAGE Publications Sage CA: Los Angeles, CA}
}

@article{peffers2007design,
  title={A design science research methodology for information systems research},
  author={Peffers, Ken and Tuunanen, Tuure and Rothenberger, Marcus A and Chatterjee, Samir},
  journal={Journal of management information systems},
  volume={24},
  number={3},
  pages={45--77},
  year={2007},
  publisher={Taylor \& Francis}
}

@article{hevner2010design,
  title={Design science research in information systems},
  author={Hevner, Alan and Chatterjee, Samir and Hevner, Alan and Chatterjee, Samir},
  journal={Design research in information systems: theory and practice},
  pages={9--22},
  year={2010},
  publisher={Springer}
}

@article{hevner2004design,
  title={Design science in information systems research},
  author={Hevner, Alan R and March, Salvatore T and Park, Jinsoo and Ram, Sudha},
  journal={MIS quarterly},
  pages={75--105},
  year={2004},
  publisher={JSTOR}
}

@article{walls1992building,
  title={Building an information system design theory for vigilant EIS},
  author={Walls, Joseph G and Widmeyer, George R and El Sawy, Omar A},
  journal={Information systems research},
  volume={3},
  number={1},
  pages={36--59},
  year={1992},
  publisher={INFORMS}
}

@article{buchanan1992wicked,
  title={Wicked problems in design thinking},
  author={Buchanan, Richard},
  journal={Design issues},
  volume={8},
  number={2},
  pages={5--21},
  year={1992},
  publisher={JSTOR}
}

@article{rittel1973dilemmas,
  title={Dilemmas in a general theory of planning},
  author={Rittel, Horst WJ and Webber, Melvin M},
  journal={Policy sciences},
  volume={4},
  number={2},
  pages={155--169},
  year={1973},
  publisher={Springer}
}

@book{dewey2022we,
  title={How we think},
  author={Dewey, John},
  year={2022},
  publisher={DigiCat}
}

@book{saunders2009research,
  title={Research methods for business students},
  author={Saunders, Mark and Lewis, Philip and Thornhill, Adrian},
  year={2009},
  publisher={Pearson education}
}

@article{mardiana2020modifying,
  title={Modifying research onion for information systems research},
  author={Mardiana, Siti},
  journal={Solid State Technology},
  volume={63},
  number={4},
  pages={5304--5313},
  year={2020}
}

@article{park2020positivism,
  title={The positivism paradigm of research},
  author={Park, Yoon Soo and Konge, Lars and Artino Jr, Anthony R},
  journal={Academic medicine},
  volume={95},
  number={5},
  pages={690--694},
  year={2020},
  publisher={LWW}
}

@article{luczak2013beyond,
  title={Beyond positivism in computer science},
  author={Luczak-R{\"o}sch, Markus},
  year={2013}
}

@article{easton2010critical,
  title={Critical realism in case study research},
  author={Easton, Geoff},
  journal={Industrial marketing management},
  volume={39},
  number={1},
  pages={118--128},
  year={2010},
  publisher={Elsevier}
}

@article{wikgren2005critical,
  title={Critical realism as a philosophy and social theory in information science?},
  author={Wikgren, Marianne},
  journal={Journal of documentation},
  volume={61},
  number={1},
  pages={11--22},
  year={2005},
  publisher={Emerald Group Publishing Limited}
}

@inproceedings{carlsson2003critical,
  title={Critical realism: a way forward in IS research.},
  author={Carlsson, Sven A},
  booktitle={ECIS},
  pages={348--362},
  year={2003}
}

@book{bhaskar2013realist,
  title={A realist theory of science},
  author={Bhaskar, Roy},
  year={2013},
  publisher={Routledge}
}

@book{archer2013social,
  title={Social origins of educational systems},
  author={Archer, Margaret},
  year={2013},
  publisher={Routledge}
}

@book{sayer1992method,
  title={Method in social science: A realist approach},
  author={Sayer, R Andrew},
  year={1992},
  publisher={Psychology Press}
}

@article{goldkuhl2012pragmatism,
  title={Pragmatism vs interpretivism in qualitative information systems research},
  author={Goldkuhl, G{\"o}ran},
  journal={European journal of information systems},
  volume={21},
  pages={135--146},
  year={2012},
  publisher={Springer}
}

@incollection{potrac2014interpretivism,
  title={Interpretivism},
  author={Potrac, Paul and Jones, Robyn L and Nelson, Lee},
  booktitle={Research methods in sports coaching},
  pages={31--41},
  year={2014},
  publisher={Routledge}
}

@article{flick2004qualitative,
  title={What is qualitative research? An introduction to the field},
  author={Flick, Uwe and Von Kardorff, Ernst and Steinke, Ines},
  journal={A companion to qualitative research},
  volume={1},
  pages={3--11},
  year={2004}
}

@article{ryan2018introduction,
  title={Introduction to positivism, interpretivism and critical theory},
  author={Ryan, Gemma},
  journal={Nurse researcher},
  volume={25},
  number={4},
  pages={41--49},
  year={2018}
}

@article{alharahsheh2020review,
  title={A review of key paradigms: Positivism VS interpretivism},
  author={Alharahsheh, Husam Helmi and Pius, Abraham},
  journal={Global Academic Journal of Humanities and Social Sciences},
  volume={2},
  number={3},
  pages={39--43},
  year={2020}
}

@article{saunders2003research,
  title={Research methods forbusiness students},
  author={Saunders, Mark and Lewis, Philip and Thornhill, Adrian},
  journal={Essex: Prentice Hall: Financial Times},
  year={2003}
}

@book{littlejohn2009encyclopedia,
  title={Encyclopedia of communication theory},
  author={Littlejohn, Stephen W and Foss, Karen A},
  volume={1},
  year={2009},
  publisher={Sage}
}

@article{heise2004science,
  title={Science, technology, and postmodernism},
  author={Heise, Ursula K},
  journal={The Cambridge companion to postmodernism},
  pages={136--167},
  year={2004},
  publisher={Cambridge University Press Cambridge}
}

@incollection{james2020pragmatism,
  title={Pragmatism},
  author={James, William},
  booktitle={Pragmatism},
  pages={53--75},
  year={2020},
  publisher={Routledge}
}

@article{azungah2018qualitative,
  title={Qualitative research: deductive and inductive approaches to data analysis},
  author={Azungah, Theophilus},
  journal={Qualitative research journal},
  volume={18},
  number={4},
  pages={383--400},
  year={2018},
  publisher={Emerald Publishing Limited}
}

@inproceedings{pearse2019illustration,
  title={An illustration of deductive analysis in qualitative research},
  author={Pearse, Noel},
  booktitle={18th European conference on research methodology for business and management studies},
  pages={264},
  year={2019}
}

@article{eden2007three,
  title={Three paradigms of computer science},
  author={Eden, Amnon H},
  journal={Minds and machines},
  volume={17},
  pages={135--167},
  year={2007},
  publisher={Springer}
}

@article{knuth1968semantics,
  title={Semantics of context-free languages},
  author={Knuth, Donald E},
  journal={Mathematical systems theory},
  volume={2},
  number={2},
  pages={127--145},
  year={1968},
  publisher={Springer}
}

@misc{smyth1999peirce,
  title={Peirce, Pragmatism and the Logic of Scripture},
  author={Smyth, Richard},
  year={1999},
  publisher={JSTOR}
}


@Comment{jabref-meta: databaseType:bibtex;}
